<record><leader>00000cas a22000007a 4500</leader><controlfield tag="001">13134500</controlfield><controlfield tag="008">860210c19629999wiuwr ne      |   a0eng  </controlfield><datafield ind1=" " ind2=" " tag="010"><subfield code="a">sn 86086322 </subfield></datafield><datafield ind1=" " ind2=" " tag="040"><subfield code="a">NPV</subfield><subfield code="b">eng</subfield><subfield code="c">NPV</subfield><subfield code="d">OCLCQ</subfield><subfield code="d">DLC</subfield></datafield><datafield ind1=" " ind2=" " tag="012"><subfield code="l">1</subfield></datafield><datafield ind1="1" ind2=" " tag="022"><subfield code="a">2333-3103</subfield><subfield code="2">1</subfield></datafield><datafield ind1=" " ind2=" " tag="032"><subfield code="a">047860</subfield><subfield code="b">USPS</subfield></datafield><datafield ind1=" " ind2=" " tag="037"><subfield code="b">Sue Kelley, P.O. Box 170, Phillips, WI 54555</subfield><subfield code="c">$1.25 (single issue)</subfield><subfield code="c">$45.00 (52 weeks)</subfield></datafield><datafield ind1=" " ind2=" " tag="042"><subfield code="a">pcc</subfield><subfield code="a">nsdp</subfield></datafield><datafield ind1="1" ind2="0" tag="050"><subfield code="a">ISSN RECORD</subfield></datafield><datafield ind1="1" ind2="0" tag="082"><subfield code="a">071</subfield><subfield code="2">23</subfield></datafield><datafield ind1="0" ind2=" " tag="130"><subfield code="a">Bee (Phillips, Wis. : 1962)</subfield></datafield><datafield ind1=" " ind2="4" tag="222"><subfield code="a">The Bee</subfield><subfield code="b">(Phillips, Wis. 1962)</subfield></datafield><datafield ind1="1" ind2="4" tag="245"><subfield code="a">The Bee.</subfield></datafield><datafield ind1=" " ind2=" " tag="260"><subfield code="a">Phillips, Wis. :</subfield><subfield code="b">Foster Bros. Co.,</subfield><subfield code="c">1962-</subfield></datafield><datafield ind1="0" ind2=" " tag="362"><subfield code="a">Vol. 79, no. 19 (Dec. 1, 1962)-</subfield></datafield><datafield ind1=" " ind2=" " tag="500"><subfield code="a">Publisher varies.</subfield></datafield><datafield ind1=" " ind2=" " tag="588"><subfield code="a">Latest issue consulted: Vol. 130, no. 5 (Aug. 22, 2013).</subfield></datafield><datafield ind1=" " ind2=" " tag="752"><subfield code="a">United States</subfield><subfield code="b">Wisconsin</subfield><subfield code="c">Price</subfield><subfield code="d">Phillips.</subfield></datafield><datafield ind1="0" ind2="0" tag="780"><subfield code="t">Bee and the Phillips times</subfield><subfield code="w">(DLC)sn 86086321</subfield><subfield code="w">(OCoLC)13134449</subfield></datafield></record>